@inproceedings{erkut_modular_2005,
  title = {Modular Interactions and Hybrid Models: {{A}} Conceptual Map for Model-Based Sound Synthesis},
  booktitle = {2005 13th European Signal Processing Conference},
  author = {Erkut, Cumhur},
  year = {2005},
  pages = {1--4},
  file = {/Users/dimitriaatos/Zotero/storage/N5EIMX65/Erkut - 2005 - Modular interactions and hybrid models A conceptu.pdf}
}

@article{guettler_bowed-string_2012,
  title = {Bowed-String Multiphonics Analyzed by Use of Impulse Response and the {{Poisson}} Summation Formula},
  author = {Guettler, Knut and Thelin, H{\aa}kon},
  year = {2012},
  month = jan,
  journal = {The Journal of the Acoustical Society of America},
  volume = {131},
  number = {1},
  pages = {766--772},
  issn = {0001-4966},
  doi = {10.1121/1.3651251},
  urldate = {2021-12-08},
  langid = {english},
  file = {/Users/dimitriaatos/Zotero/storage/QFZH7PVK/Guettler and Thelin - 2012 - Bowed-string multiphonics analyzed by use of impul.pdf}
}

@article{karjalainen_plucked-string_1998,
  title = {Plucked-{{String Models}}: {{From}} the {{Karplus-Strong Algorithm}} to {{Digital Waveguides}} and Beyond},
  shorttitle = {Plucked-{{String Models}}},
  author = {Karjalainen, Matti and Valimaki, Vesa and Tolonen, Tero},
  year = {1998},
  journal = {Computer Music Journal},
  volume = {22},
  number = {3},
  eprint = {3681155},
  eprinttype = {jstor},
  pages = {17},
  issn = {01489267},
  doi = {10.2307/3681155},
  urldate = {2023-02-22},
  file = {/Users/dimitriaatos/Zotero/storage/KZKYVHES/Karjalainen et al. - 1998 - Plucked-String Models From the Karplus-Strong Alg.pdf}
}

@inproceedings{pakarinen_physical_2005,
  title = {Physical Modeling of Flageolet Tones in String Instruments},
  booktitle = {2005 13th European Signal Processing Conference},
  author = {Pakarinen, Jyri},
  year = {2005},
  pages = {1--4},
  file = {/Users/dimitriaatos/Zotero/storage/SLESCHIL/Pakarinen - 2005 - Physical modeling of flageolet tones in string ins.pdf}
}

@inproceedings{scavone_digital_1997,
  title = {Digital Waveguide Modeling of Woodwind Toneholes},
  booktitle = {{{ICMC97}}},
  author = {Scavone, Gary P and Smith III, Julius O},
  year = {1997},
  file = {/Users/dimitriaatos/Zotero/storage/CRA6FYJA/Scavone and Smith III - 1997 - Digital waveguide modeling of woodwind toneholes.pdf}
}

@article{smith_physical_1992,
  title = {Physical {{Modeling Using Digital Waveguides}}},
  author = {Smith, Julius O.},
  year = 1992,
  journal = {Computer Music Journal},
  volume = {16},
  number = {4},
  eprint = {3680470},
  eprinttype = {jstor},
  pages = {74},
  issn = {01489267},
  doi = {10.2307/3680470},
  urldate = {2022-01-14},
  file = {/Users/dimitriaatos/Zotero/storage/KWNJRCTX/Smith - 1992 - Physical Modeling Using Digital Waveguides.pdf}
}

@inproceedings{valimaki_modeling_1993,
  title = {Modeling of Woodwind Bores with Finger Holes},
  booktitle = {International {{Computer Music Conference}}},
  author = {V{\"a}lim{\"a}ki, Vesa and Karjalainen, Matti and Laakso, Timo},
  year = {1993},
  pages = {32--39},
  address = {{Tokyo}},
  organization = {{Int. Computer Music Association}},
  file = {/Users/dimitriaatos/Zotero/storage/VV2YYB67/Välimäki et al. - 1993 - Modeling of woodwind bores with finger holes.pdf}
}
